
@article{mdi_randomized,
  title={Understanding variable importances in forests of randomized trees},
  author={Louppe, G.},
  journal={Advances in Neural Information Processing Systems 26},
  pages={26},
  year={2013}
}

@article{bias_rf,
  title={Bias in random forest variable importance measures: Illustrations, sources and a solution},
  author={Strobl, C.},
  journal={BMC bioinformatics},
  volume={8},
  number={1},
  pages={1--21},
  year={2007}
}

@article{deep_lift,
  title={Learning important features through propagating activation differences},
  author={Shrikumar, A. and Greenside, P. and Kundaje, A.},
  journal={International Conference on Machine Learning. - PMLR},
  pages={3145--3153},
  year={2017}
}

@article{group_rf,
  title={Grouped variable importance with random forests and application to multiple functional data analysis},
  author={Gregorutti, B. and Michel, B. and Saint-Pierre, P.},
  journal={Computational Statistics & Data Analysis},
  volume={90},
  pages={15--35},
  year={2015}
}

@article{group_rf_2,
  title={Correlation and variable importance in random forests},
  author={Gregorutti, B. and Michel, B. and Saint-Pierre, P.},
  journal={Statistics and Computing},
  volume={27},
  number={3},
  pages={659--678},
  year={2017}
}

@article{shap_perm,
  title={An efficient explanation of individual classifications using game theory},
  author={Strumbelj, E. and Kononenko, I.},
  journal={The Journal of Machine Learning Research},
  volume={11},
  pages={1--18},
  year={2010}
}

@article{deepshap,
  title={A unified approach to interpreting model predictions},
  author={Lundberg, S. and Lee, S.},
  journal={arXiv preprint arXiv:1705.07874},
  year={2017}
}

@article{CXplain,
  title={Cxplain: Causal explanations for model interpretation under uncertainty},
  author={Schwab, P. and Karlen, W.},
  journal={arXiv preprint arXiv:1910.12336},
  year={2019}
}

@article{PRoFILE,
  title={Accurate and Robust Feature Importance Estimation under Distribution Shifts},
  author={Thiagarajan, J. J.},
  journal={arXiv preprint arXiv:2009.14454},
  year={2020}
}

@article{FIR,
  title={Feature Importance Ranking for Deep Learning},
  author={Wojtas, M. and Chen, K.},
  journal={arXiv preprint arXiv:2010.08973},
  year={2020}
}

@article{MI_cons,
  title={Is mutual information adequate for feature selection in regression?},
  author={Frénay, B. and Doquire, G. and Verleysen, M.},
  journal={Neural Networks},
  volume={48},
  pages={1--7},
  year={2013}
}

@article{breakDown,
  title={Explanations of model predictions with live and breakDown packages},
  author={Staniak, M. and Biecek, P.},
  journal={arXiv preprint arXiv:1804.01955},
  year={2018}
}

@misc{h2_score,
title ={Interpretable Machine Learning},
author = {Molnar, C.},
year = {2021},
howpublished = {GitHub},
URL = {https://christophm.github.io/interpretable-ml-book/},
}

@article{quant_shap,
  title={Algorithmic transparency via quantitative input influence: Theory and experiments with learning systems},
  author={Datta, A. and Sen, S. and Zick, Y.},
  journal={IEEE symposium on security and privacy (SP)},
  volume={48},
  pages={598--617},
  year={2016}
}

@article{stat_int_imp,
  title={Knockoffs for the mass: new feature importance statistics with false discovery guarantees},
  author={Gimenez, J. R. and Ghorbani, A. and Zou, J.},
  journal={The 22nd International Conference on Artificial Intelligence and Statistics},
  pages={2125--2133},
  year={2019}
}

@article{mcr,
  title={All models are wrong but many are useful: variable importance for black-box, proprietary, or misspecified prediction models, using model class reliance},
  author={Fisher, A. and Rudin, C. and Dominici, F.},
  journal={arXiv preprint arXiv:1801.01489},
  year={2018}
}

@article{context_imp,
  title={Context-dependent feature analysis with random forests},
  author={Sutera, A.},
  journal={arXiv preprint arXiv:1605.03848},
  year={2016}
}

@article{ctree,
  title={Unbiased recursive partitioning: A conditional inference framework},
  author={Hothorn, T. and Hornik, K. and Zeileis, A.},
  journal={Journal of Computational and Graphical statistics},
  volume={15},
  pages={651--674},
  year={2006}
}

@article{lime,
  title={"Why should i trust you?" Explaining the predictions of any classifier},
  author={Ribeiro, M. T. and Singh, S. and Guestrin, C.},
  journal={Proceedings of the 22nd ACM SIGKDD international conference on knowledge discovery and data mining},
  pages={1135--1144},
  year={2016}
}

@misc{lime_git,
title ={lime},
author = {Ribeiro, M. T.},
year = {2021},
howpublished = {GitHub},
URL = {https://github.com/marcotcr/lime},
}

% DEEP LEARNING----------------------------------------------------------------------------------------------------------------

%ML
@book{bishop2006pattern,
  title={Pattern recognition and machine learning},
  author={Bishop, Christopher M},
  year={2006},
  publisher={springer}
}

% ADAM
@article{kingma2014adam,
  title={Adam: A method for stochastic optimization},
  author={Kingma, Diederik P and Ba, Jimmy},
  journal={arXiv preprint arXiv:1412.6980},
  year={2014}
}

% DEEP LEARNING
@book{goodfellow2016deep,
  title={Deep learning},
  author={Goodfellow, Ian and Bengio, Yoshua and Courville, Aaron and Bengio, Yoshua},
  volume={1},
  year={2016},
  publisher={MIT press Cambridge}
}

% RNN training
@article{werbos1990backpropagation,
  title={Backpropagation through time: what it does and how to do it},
  author={Werbos, Paul J},
  journal={Proceedings of the IEEE},
  volume={78},
  number={10},
  pages={1550--1560},
  year={1990},
  publisher={IEEE}
}

% LSTM
@article{hochreiter1997long,
  title={Long short-term memory},
  author={Hochreiter, Sepp and Schmidhuber, J{\"u}rgen},
  journal={Neural computation},
  volume={9},
  number={8},
  pages={1735--1780},
  year={1997},
  publisher={MIT Press}
}

% GAN
@inproceedings{goodfellow2014generative,
  title={Generative adversarial nets},
  author={Goodfellow, Ian and Pouget-Abadie, Jean and Mirza, Mehdi and Xu, Bing and Warde-Farley, David and Ozair, Sherjil and Courville, Aaron and Bengio, Yoshua},
  booktitle={Advances in neural information processing systems},
  pages={2672--2680},
  year={2014}
}

% VAE
@article{kingma2013auto,
  title={Auto-encoding variational bayes},
  author={Kingma, Diederik P and Welling, Max},
  journal={arXiv preprint arXiv:1312.6114},
  year={2013}
}

% GENERAL REFERENCES FOR REINFORCEMENT LEARNING-------------------------------------------------------------

% ...
@article{ivanov2019modern,
  title={Modern Deep Reinforcement Learning Algorithms},
  author={Ivanov, Sergey and D'yakonov, Alexander},
  journal={arXiv preprint arXiv:1906.10025},
  year={2019}
}

% Survey of classic theory
@book{sutton2018reinforcement,
  title={Reinforcement learning: An introduction},
  author={Sutton, Richard S and Barto, Andrew G},
  year={2018},
  publisher={MIT press}
}

% AlphaStar
@article{vinyals2019grandmaster,
  title={Grandmaster level in StarCraft II using multi-agent reinforcement learning},
  author={Vinyals, Oriol and Babuschkin, Igor and Czarnecki, Wojciech M and Mathieu, Micha{\"e}l and Dudzik, Andrew and Chung, Junyoung and Choi, David H and Powell, Richard and Ewalds, Timo and Georgiev, Petko and others},
  journal={Nature},
  volume={575},
  number={7782},
  pages={350--354},
  year={2019},
  publisher={Nature Publishing Group}
}

% Dota 2
@article{berner2019dota,
  title={Dota 2 with Large Scale Deep Reinforcement Learning},
  author={Berner, Christopher and Brockman, Greg and Chan, Brooke and Cheung, Vicki and D{\k{e}}biak, Przemys{\l}aw and Dennison, Christy and Farhi, David and Fischer, Quirin and Hashme, Shariq and Hesse, Chris and others},
  journal={arXiv preprint arXiv:1912.06680},
  year={2019}
}

% AlphaZero
@article{silver2017mastering,
  title={Mastering chess and shogi by self-play with a general reinforcement learning algorithm},
  author={Silver, David and Hubert, Thomas and Schrittwieser, Julian and Antonoglou, Ioannis and Lai, Matthew and Guez, Arthur and Lanctot, Marc and Sifre, Laurent and Kumaran, Dharshan and Graepel, Thore and others},
  journal={arXiv preprint arXiv:1712.01815},
  year={2017}
}

% RL does not work
@article{irpan2018deep,
  title={Deep reinforcement learning doesn’t work yet},
  author={Irpan, Alex},
  journal={Online (Feb. 14): https://www. alexirpan. com/2018/02/14/rl-hard. html},
  year={2018}
}

% ANCIENT PAPERS-------------------------------------------------------------------------------

% Q-learning
@article{watkins1992q,
  title={Q-learning},
  author={Watkins, Christopher JCH and Dayan, Peter},
  journal={Machine learning},
  volume={8},
  number={3-4},
  pages={279--292},
  year={1992},
  publisher={Springer}
}

% PoMDP
@article{kaelbling1998planning,
  title={Planning and acting in partially observable stochastic domains},
  author={Kaelbling, Leslie Pack and Littman, Michael L and Cassandra, Anthony R},
  journal={Artificial intelligence},
  volume={101},
  number={1-2},
  pages={99--134},
  year={1998},
  publisher={Elsevier}
}

% CONTINUOUS CONTROL---------------------------------------------------------------------------

% DDPG
@article{lillicrap2015continuous,
  title={Continuous control with deep reinforcement learning},
  author={Lillicrap, Timothy P and Hunt, Jonathan J and Pritzel, Alexander and Heess, Nicolas and Erez, Tom and Tassa, Yuval and Silver, David and Wierstra, Daan},
  journal={arXiv preprint arXiv:1509.02971},
  year={2015}
}

% Policy Gradient and Value-based approaches are similar
@article{schulman2017equivalence,
  title={Equivalence between policy gradients and soft q-learning},
  author={Schulman, John and Chen, Xi and Abbeel, Pieter},
  journal={arXiv preprint arXiv:1704.06440},
  year={2017}
}

% META-HEURISTICS---------------------------------------------------------------------------

% Evolution for Atari
@article{salimans2017evolution,
  title={Evolution strategies as a scalable alternative to reinforcement learning},
  author={Salimans, Tim and Ho, Jonathan and Chen, Xi and Sidor, Szymon and Sutskever, Ilya},
  journal={arXiv preprint arXiv:1703.03864},
  year={2017}
}

% DQN---------------------------------------------------------------------------

% DQN
@article{mnih2013playing,
  title={Playing atari with deep reinforcement learning},
  author={Mnih, Volodymyr and Kavukcuoglu, Koray and Silver, David and Graves, Alex and Antonoglou, Ioannis and Wierstra, Daan and Riedmiller, Martin},
  journal={arXiv preprint arXiv:1312.5602},
  year={2013}
}

% Double DQN
@inproceedings{van2016deep,
  title={Deep reinforcement learning with double q-learning},
  author={Van Hasselt, Hado and Guez, Arthur and Silver, David},
  booktitle={Thirtieth AAAI Conference on Artificial Intelligence},
  year={2016}
}

% Dueling DQN
@article{wang2015dueling,
  title={Dueling network architectures for deep reinforcement learning},
  author={Wang, Ziyu and Schaul, Tom and Hessel, Matteo and Van Hasselt, Hado and Lanctot, Marc and De Freitas, Nando},
  journal={arXiv preprint arXiv:1511.06581},
  year={2015}
}

% Noisy DQN
@article{fortunato2017noisy,
  title={Noisy networks for exploration},
  author={Fortunato, Meire and Azar, Mohammad Gheshlaghi and Piot, Bilal and Menick, Jacob and Osband, Ian and Graves, Alex and Mnih, Vlad and Munos, Remi and Hassabis, Demis and Pietquin, Olivier and others},
  journal={arXiv preprint arXiv:1706.10295},
  year={2017}
}

% Prioritized Replay
@article{schaul2015prioritized,
  title={Prioritized experience replay},
  author={Schaul, Tom and Quan, John and Antonoglou, Ioannis and Silver, David},
  journal={arXiv preprint arXiv:1511.05952},
  year={2015}
}

% R2D2
@article{horgan2018distributed,
  title={Distributed prioritized experience replay},
  author={Horgan, Dan and Quan, John and Budden, David and Barth-Maron, Gabriel and Hessel, Matteo and Van Hasselt, Hado and Silver, David},
  journal={arXiv preprint arXiv:1803.00933},
  year={2018}
}

% DISTRIBUTIONAL RL---------------------------------------------------------------------------

% Categorical DQN and introduction of Distributional RL (c51)
@inproceedings{bellemare2017distributional,
  title={A distributional perspective on reinforcement learning},
  author={Bellemare, Marc G and Dabney, Will and Munos, R{\'e}mi},
  booktitle={Proceedings of the 34th International Conference on Machine Learning-Volume 70},
  pages={449--458},
  year={2017},
  organization={JMLR. org}
}

% QR-DQN
@inproceedings{dabney2018distributional,
  title={Distributional reinforcement learning with quantile regression},
  author={Dabney, Will and Rowland, Mark and Bellemare, Marc G and Munos, R{\'e}mi},
  booktitle={Thirty-Second AAAI Conference on Artificial Intelligence},
  year={2018}
}

% Rainbow
@inproceedings{hessel2018rainbow,
  title={Rainbow: Combining improvements in deep reinforcement learning},
  author={Hessel, Matteo and Modayil, Joseph and Van Hasselt, Hado and Schaul, Tom and Ostrovski, Georg and Dabney, Will and Horgan, Dan and Piot, Bilal and Azar, Mohammad and Silver, David},
  booktitle={Thirty-Second AAAI Conference on Artificial Intelligence},
  year={2018}
}

% Reference for quantile regression
@article{koenker1978regression,
  title={Regression quantiles},
  author={Koenker, Roger and Bassett Jr, Gilbert},
  journal={Econometrica: journal of the Econometric Society},
  pages={33--50},
  year={1978},
  publisher={JSTOR}
}

% POLICY GRADIENT------------------------------------------------------------------------------------------

% REINFORCE
@article{williams1992simple,
  title={Simple statistical gradient-following algorithms for connectionist reinforcement learning},
  author={Williams, Ronald J},
  journal={Machine learning},
  volume={8},
  number={3-4},
  pages={229--256},
  year={1992},
  publisher={Springer}
}

% A2C idea (?)
@inproceedings{sutton2000policy,
  title={Policy gradient methods for reinforcement learning with function approximation},
  author={Sutton, Richard S and McAllester, David A and Singh, Satinder P and Mansour, Yishay},
  booktitle={Advances in neural information processing systems},
  pages={1057--1063},
  year={2000}
}

% A3C
@inproceedings{mnih2016asynchronous,
  title={Asynchronous methods for deep reinforcement learning},
  author={Mnih, Volodymyr and Badia, Adria Puigdomenech and Mirza, Mehdi and Graves, Alex and Lillicrap, Timothy and Harley, Tim and Silver, David and Kavukcuoglu, Koray},
  booktitle={International conference on machine learning},
  pages={1928--1937},
  year={2016}
}

% GAE
@article{schulman2015high,
  title={High-dimensional continuous control using generalized advantage estimation},
  author={Schulman, John and Moritz, Philipp and Levine, Sergey and Jordan, Michael and Abbeel, Pieter},
  journal={arXiv preprint arXiv:1506.02438},
  year={2015}
}

% TRPO
@inproceedings{schulman2015trust,
  title={Trust Region Policy Optimization.},
  author={Schulman, John and Levine, Sergey and Abbeel, Pieter and Jordan, Michael I and Moritz, Philipp},
  booktitle={Icml},
  volume={37},
  pages={1889--1897},
  year={2015}
}

% PPO
@article{schulman2017proximal,
  title={Proximal policy optimization algorithms},
  author={Schulman, John and Wolski, Filip and Dhariwal, Prafulla and Radford, Alec and Klimov, Oleg},
  journal={arXiv preprint arXiv:1707.06347},
  year={2017}
}

% PPO Improv.
@inproceedings{engstrom2019implementation,
  title={Implementation Matters in Deep RL: A Case Study on PPO and TRPO},
  author={Engstrom, Logan and Ilyas, Andrew and Santurkar, Shibani and Tsipras, Dimitris and Janoos, Firdaus and Rudolph, Larry and Madry, Aleksander},
  booktitle={International Conference on Learning Representations},
  year={2019}
}

% ACKTR
@inproceedings{wu2017scalable,
  title={Scalable trust-region method for deep reinforcement learning using kronecker-factored approximation},
  author={Wu, Yuhuai and Mansimov, Elman and Grosse, Roger B and Liao, Shun and Ba, Jimmy},
  booktitle={Advances in neural information processing systems},
  pages={5279--5288},
  year={2017}
}


% ENVIRONMENTS------------------------------------------------------------------------------------------

% Gym
@article{brockman2016openai,
  title={Openai gym},
  author={Brockman, Greg and Cheung, Vicki and Pettersson, Ludwig and Schneider, Jonas and Schulman, John and Tang, Jie and Zaremba, Wojciech},
  journal={arXiv preprint arXiv:1606.01540},
  year={2016}
}

% MountainCar
@article{moore1990efficient,
  title={Efficient memory-based learning for robot control},
  author={Moore, Andrew William},
  year={1990},
  publisher={Citeseer}
}

% Unity ML Agents
@article{juliani2018unity,
  title={Unity: A general platform for intelligent agents},
  author={Juliani, Arthur and Berges, Vincent-Pierre and Vckay, Esh and Gao, Yuan and Henry, Hunter and Mattar, Marwan and Lange, Danny},
  journal={arXiv preprint arXiv:1809.02627},
  year={2018}
}

% Unity Tower Obstacle
@misc{juliani2019obstacle,
    title={Obstacle Tower: A Generalization Challenge in Vision, Control, and Planning},
    author={Arthur Juliani and Ahmed Khalifa and Vincent-Pierre Berges and Jonathan Harper and Ervin Teng and Hunter Henry and Adam Crespi and Julian Togelius and Danny Lange},
    year={2019},
    eprint={1902.01378},
    archivePrefix={arXiv},
    primaryClass={cs.AI}
}

% Mario
@misc{gym-super-mario-bros,
  author = {Christian Kauten},
  howpublished = {GitHub},
  title = {{S}uper {M}ario {B}ros for {O}pen{AI} {G}ym},
  URL = {https://github.com/Kautenja/gym-super-mario-bros},
  year = {2018},
}


% CURIOSITY-----------------------------------------------------------------------------------------------

% Schmidhuber's definitions
@inproceedings{schmidhuber1991curious,
  title={Curious model-building control systems},
  author={Schmidhuber, J{\"u}rgen},
  booktitle={Proc. international joint conference on neural networks},
  pages={1458--1463},
  year={1991}
}

% Schmidhuber's survey
@article{schmidhuber2010formal,
  title={Formal theory of creativity, fun, and intrinsic motivation (1990--2010)},
  author={Schmidhuber, J{\"u}rgen},
  journal={IEEE Transactions on Autonomous Mental Development},
  volume={2},
  number={3},
  pages={230--247},
  year={2010},
  publisher={IEEE}
}

% Barto playroom environment
@inproceedings{chentanez2005intrinsically,
  title={Intrinsically motivated reinforcement learning},
  author={Chentanez, Nuttapong and Barto, Andrew G and Singh, Satinder P},
  booktitle={Advances in neural information processing systems},
  pages={1281--1288},
  year={2005}
}

% Count-based exploration generalization
@inproceedings{bellemare2016unifying,
  title={Unifying count-based exploration and intrinsic motivation},
  author={Bellemare, Marc and Srinivasan, Sriram and Ostrovski, Georg and Schaul, Tom and Saxton, David and Munos, Remi},
  booktitle={Advances in neural information processing systems},
  pages={1471--1479},
  year={2016}
}

% Better than previous
@inproceedings{ostrovski2017count,
  title={Count-based exploration with neural density models},
  author={Ostrovski, Georg and Bellemare, Marc G and van den Oord, A{\"a}ron and Munos, R{\'e}mi},
  booktitle={Proceedings of the 34th International Conference on Machine Learning-Volume 70},
  pages={2721--2730},
  year={2017},
  organization={JMLR. org}
}

% ICM
@inproceedings{pathak2017curiosity,
  title={Curiosity-driven exploration by self-supervised prediction},
  author={Pathak, Deepak and Agrawal, Pulkit and Efros, Alexei A and Darrell, Trevor},
  booktitle={Proceedings of the IEEE Conference on Computer Vision and Pattern Recognition Workshops},
  pages={16--17},
  year={2017}
}

% Large-scale study of Curiosity
@article{burda2018large,
  title={Large-scale study of curiosity-driven learning},
  author={Burda, Yuri and Edwards, Harri and Pathak, Deepak and Storkey, Amos and Darrell, Trevor and Efros, Alexei A},
  journal={arXiv preprint arXiv:1808.04355},
  year={2018}
}

% VIME
@article{houthooft2016curiosity,
  title={Curiosity-driven exploration in deep reinforcement learning via bayesian neural networks},
  author={Houthooft, Rein and Chen, Xi and Duan, Yan and Schulman, John and De Turck, Filip and Abbeel, Pieter},
  journal={arXiv preprint arXiv:1605.09674},
  year={2016}
}

% Empowerment
@inproceedings{klyubin2005all,
  title={All else being equal be empowered},
  author={Klyubin, Alexander S and Polani, Daniel and Nehaniv, Chrystopher L},
  booktitle={European Conference on Artificial Life},
  pages={744--753},
  year={2005},
  organization={Springer}
}

% Episodic Curiosity
@article{savinov2018episodic,
  title={Episodic curiosity through reachability},
  author={Savinov, Nikolay and Raichuk, Anton and Marinier, Rapha{\"e}l and Vincent, Damien and Pollefeys, Marc and Lillicrap, Timothy and Gelly, Sylvain},
  journal={arXiv preprint arXiv:1810.02274},
  year={2018}
}

% Exploration on disagreement
@article{pathak2019self,
  title={Self-supervised exploration via disagreement},
  author={Pathak, Deepak and Gandhi, Dhiraj and Gupta, Abhinav},
  journal={arXiv preprint arXiv:1906.04161},
  year={2019}
}

% GAN (ex^2)
@inproceedings{fu2017ex2,
  title={Ex2: Exploration with exemplar models for deep reinforcement learning},
  author={Fu, Justin and Co-Reyes, John and Levine, Sergey},
  booktitle={Advances in neural information processing systems},
  pages={2577--2587},
  year={2017}
}

% Survey (random guys)
@article{aubret2019survey,
  title={A survey on intrinsic motivation in reinforcement learning},
  author={Aubret, Arthur and Matignon, Laetitia and Hassas, Salima},
  journal={arXiv preprint arXiv:1908.06976},
  year={2019}
}

% RND
@article{burda2018exploration,
  title={Exploration by random network distillation},
  author={Burda, Yuri and Edwards, Harrison and Storkey, Amos and Klimov, Oleg},
  journal={arXiv preprint arXiv:1810.12894},
  year={2018}
}

% Playing behavior for inverse model
@inproceedings{haber2018learning,
  title={Learning to play with intrinsically-motivated, self-aware agents},
  author={Haber, Nick and Mrowca, Damian and Wang, Stephanie and Fei-Fei, Li F and Yamins, Daniel L},
  booktitle={Advances in Neural Information Processing Systems},
  pages={8388--8399},
  year={2018}
}


% OTHER STUFF---------------------------------------------------------------------------------------------------

% Self-supervision
@inproceedings{doersch2015unsupervised,
  title={Unsupervised visual representation learning by context prediction},
  author={Doersch, Carl and Gupta, Abhinav and Efros, Alexei A},
  booktitle={Proceedings of the IEEE International Conference on Computer Vision},
  pages={1422--1430},
  year={2015}
}

% World Models
@article{ha2018world,
  title={World models},
  author={Ha, David and Schmidhuber, J{\"u}rgen},
  journal={arXiv preprint arXiv:1803.10122},
  year={2018}
}

% Representation Learning
@article{bengio2013representation,
  title={Representation learning: A review and new perspectives},
  author={Bengio, Yoshua and Courville, Aaron and Vincent, Pascal},
  journal={IEEE transactions on pattern analysis and machine intelligence},
  volume={35},
  number={8},
  pages={1798--1828},
  year={2013},
  publisher={IEEE}
}

% BERT
@article{devlin2018bert,
  title={Bert: Pre-training of deep bidirectional transformers for language understanding},
  author={Devlin, Jacob and Chang, Ming-Wei and Lee, Kenton and Toutanova, Kristina},
  journal={arXiv preprint arXiv:1810.04805},
  year={2018}
}

% Transformer
@inproceedings{vaswani2017attention,
  title={Attention is all you need},
  author={Vaswani, Ashish and Shazeer, Noam and Parmar, Niki and Uszkoreit, Jakob and Jones, Llion and Gomez, Aidan N and Kaiser, {\L}ukasz and Polosukhin, Illia},
  booktitle={Advances in neural information processing systems},
  pages={5998--6008},
  year={2017}
}

% Tracking from colorizing videos
@inproceedings{vondrick2018tracking,
  title={Tracking emerges by colorizing videos},
  author={Vondrick, Carl and Shrivastava, Abhinav and Fathi, Alireza and Guadarrama, Sergio and Murphy, Kevin},
  booktitle={Proceedings of the European Conference on Computer Vision (ECCV)},
  pages={391--408},
  year={2018}
}

% HER
@inproceedings{andrychowicz2017hindsight,
  title={Hindsight experience replay},
  author={Andrychowicz, Marcin and Wolski, Filip and Ray, Alex and Schneider, Jonas and Fong, Rachel and Welinder, Peter and McGrew, Bob and Tobin, Josh and Abbeel, OpenAI Pieter and Zaremba, Wojciech},
  booktitle={Advances in neural information processing systems},
  pages={5048--5058},
  year={2017}
}

% SMIRL
@article{berseth2019smirl,
  title={SMiRL: Surprise Minimizing RL in Dynamic Environments},
  author={Berseth, Glen and Geng, Daniel and Devin, Coline and Finn, Chelsea and Jayaraman, Dinesh and Levine, Sergey},
  journal={arXiv preprint arXiv:1912.05510},
  year={2019}
}

% MAB
@article{gittins1979bandit,
  title={Bandit processes and dynamic allocation indices},
  author={Gittins, John C},
  journal={Journal of the Royal Statistical Society: Series B (Methodological)},
  volume={41},
  number={2},
  pages={148--164},
  year={1979},
  publisher={Wiley Online Library}
}

% UCB
@inproceedings{audibert2010best,
  title={Best arm identification in multi-armed bandits},
  author={Audibert, Jean-Yves and Bubeck, S{\'e}bastien},
  year={2010}
}